@online{towardsdatasciencembgd,
  title={Batch, Mini-Batch, Stochastic Gradient Descent},
  author={Sushant Patrikar},
  year={2019},
  url={https://towardsdatascience.com/batch-mini-batch-stochastic-gradient-descent-7a62ecba642a}
}

@online{mediummbgd,
  title={Mini-Batch Gradient Descent},
  author={ajaymehta},
  year={2023},
  url={https://medium.com/@dancerworld60/mini-batch-gradient-descent-1c36b8103f2c}
}

@online{statusneombgd,
  title={EfficientDL: Mini-Batch Gradient Descent Explained},
  url={https://statusneo.com/efficientdl-mini-batch-gradient-descent-explained}
}
